@article{dybjer2000general,
  title={A general formulation of simultaneous inductive-recursive definitions in type theory},
  author={Dybjer, Peter},
  journal={The journal of symbolic logic},
  volume={65},
  number={2},
  pages={525--549},
  year={2000},
  publisher={Cambridge University Press}
}

@article{dybjer1994inductive,
  title={Inductive families},
  author={Dybjer, Peter},
  journal={Formal aspects of computing},
  volume={6},
  pages={440--465},
  year={1994},
  publisher={Springer}
}

@article{dybjer2003induction,
  title={Induction--recursion and initial algebras},
  author={Dybjer, Peter and Setzer, Anton},
  journal={Annals of Pure and Applied Logic},
  volume={124},
  number={1-3},
  pages={1--47},
  year={2003},
  publisher={Elsevier}
}

@article{abel2017decidability,
  title={Decidability of conversion for type theory in type theory},
  author={Abel, Andreas and {\"O}hman, Joakim and Vezzosi, Andrea},
  journal={Proceedings of the ACM on Programming Languages},
  volume={2},
  number={POPL},
  pages={1--29},
  year={2017},
  publisher={ACM New York, NY, USA}
}

@article{kovacs2021generalized,
  title={Generalized universe hierarchies and first-class universe levels},
  author={Kov{\'a}cs, Andr{\'a}s},
  journal={arXiv preprint arXiv:2103.00223},
  year={2021}
}

@article{setzer1996model,
  title={A model for a type theory with Mahlo universe},
  author={Setzer, Anton},
  journal={Draft. Available via http://www. math.uu.se/~setzer/articles/uppermahlo. dvi.gz},
  year={1996}
}

@article{dybjer2023extended,
  title={The extended predicative Mahlo universe in Martin-L{\"o}f type theory},
  author={Dybjer, Peter and Setzer, Anton},
  journal={Journal of Logic and Computation},
  pages={exad022},
  year={2023},
  publisher={Oxford University Press}
}

@phdthesis{diehl2017fully,
  title={Fully Generic Programming over Closed Universes of Inductive-Recursive Types},
  author={Diehl, Larry},
  year={2017},
  school={Portland State University}
}

@phdthesis{malatesta2015investigations,
  title={Investigations into inductive-recursive definitions},
  author={Malatesta, Lorenzo},
  year={2015},
  school={University of Strathclyde}
}

@misc{Shulman_2013,
    title={Scones, Logical Relations, and Parametricity},
    url={https://golem.ph.utexas.edu/category/2013/04/scones_logical_relations_and_p.html},
    journal={The n-Category Café},
    author={Shulman, Mike}, year={2013},
    year={2013},
    month={Apr}
}

@article{setzer2000extending,
  title={Extending Martin-L{\"o}f type theory by one Mahlo-universe},
  author={Setzer, Anton},
  journal={Archive for Mathematical Logic},
  volume={39},
  number={3},
  pages={155--181},
  year={2000},
  publisher={Springer}
}

@inproceedings{kaposi2019gluing,
  title={Gluing for type theory},
  author={Kaposi, Ambrus and Huber, Simon and Sattler, Christian},
  booktitle={4th International Conference on Formal Structures for Computation and Deduction (FSCD 2019)},
  pages={25--1},
  year={2019},
  organization={Schloss Dagstuhl--Leibniz-Zentrum fuer Informatik}
}

@inproceedings{dybjer1995internal,
  title={Internal type theory},
  author={Dybjer, Peter},
  booktitle={International Workshop on Types for Proofs and Programs},
  pages={120--134},
  year={1995},
  organization={Springer}
}

@article{godel1931formal,
  title={{\"U}ber formal unentscheidbare S{\"a}tze der Principia Mathematica und verwandter Systeme I},
  author={G{\"o}del, Kurt},
  journal={Monatshefte f{\"u}r mathematik und physik},
  volume={38},
  pages={173--198},
  year={1931},
  publisher={Springer}
}

@article{cartmell1986generalised,
  title={Generalised algebraic theories and contextual categories},
  author={Cartmell, John},
  journal={Annals of pure and applied logic},
  volume={32},
  pages={209--243},
  year={1986},
  publisher={Elsevier}
}

@article{awodey2018natural,
  title={Natural models of homotopy type theory},
  author={Awodey, Steve},
  journal={Mathematical Structures in Computer Science},
  volume={28},
  number={2},
  pages={241--286},
  year={2018},
  publisher={Cambridge University Press}
}

@article{uemura2023general,
  title={A general framework for the semantics of type theory},
  author={Uemura, Taichi},
  journal={Mathematical Structures in Computer Science},
  volume={33},
  number={3},
  pages={134--179},
  year={2023}
}

@article{altenkirch2016type,
  title={Type theory in type theory using quotient inductive types},
  author={Altenkirch, Thorsten and Kaposi, Ambrus},
  journal={ACM SIGPLAN Notices},
  volume={51},
  number={1},
  pages={18--29},
  year={2016},
  publisher={ACM New York, NY, USA}
}

@article{dybjer2006indexed,
  title={Indexed induction--recursion},
  author={Dybjer, Peter and Setzer, Anton},
  journal={The Journal of Logic and Algebraic Programming},
  volume={66},
  number={1},
  pages={1--49},
  year={2006},
  publisher={Elsevier}
}

@inproceedings{dybjer1999finite,
  title={A finite axiomatization of inductive-recursive definitions},
  author={Dybjer, Peter and Setzer, Anton},
  booktitle={Typed Lambda Calculi and Applications: 4th International Conference, TLCA’99 L’Aquila, Italy, April 7--9, 1999 Proceedings 4},
  pages={129--146},
  year={1999},
  organization={Springer}
}

@article{kaposi2019constructing,
  title={Constructing quotient inductive-inductive types},
  author={Kaposi, Ambrus and Kov{\'a}cs, Andr{\'a}s and Altenkirch, Thorsten},
  journal={Proceedings of the ACM on Programming Languages},
  volume={3},
  number={POPL},
  pages={1--24},
  year={2019},
  publisher={ACM New York, NY, USA}
}

@article{sterling2019algebraic,
  title={Algebraic type theory and universe hierarchies},
  author={Sterling, Jonathan},
  journal={arXiv preprint arXiv:1902.08848},
  year={2019}
}

@article{girard1972interpretation,
  title={Interpr{\'e}tation fonctionnelle et {\'e}limination des coupures de l'arithm{\'e}tique d'ordre sup{\'e}rieur},
  author={Girard, Jean-Yves},
  year={1972},
  publisher={{\'E}diteur inconnu}
}

@inproceedings{hurkens1995simplification,
  title={A simplification of Girard's paradox},
  author={Hurkens, Antonius JC},
  booktitle={Typed Lambda Calculi and Applications: Second International Conference on Typed Lambda Calculi and Applications, TLCA'95 Edinburgh, United Kingdom, April 10--12, 1995 Proceedings 2},
  pages={266--278},
  year={1995},
  organization={Springer}
}

@article{mcbride2015datatypes,
  title={Datatypes of datatypes},
  author={McBride, Conor},
  journal={Summer School on Generic and Effectful Programming, St Anne’s College, Oxford, Lecture Notes},
  year={2015}
}

@article{palmgren1998universes,
  title={On universes in type theory$^1$},
  author={Palmgren, Erik},
  journal={Twenty five years of constructive type theory},
  volume={36},
  pages={191},
  year={1998},
  publisher={Oxford University Press}
}

@inproceedings{setzer2005universes,
  title={Universes in type theory part I--Inaccessibles and Mahlo},
  author={Setzer, Anton},
  booktitle={Logic Colloquium},
  volume={4},
  pages={123--156},
  year={2005}
}

@online{dandoelunivs,
  author = {Dan Doel},
  title = {Various universe constructions in Agda},
  year = 2018,
  url = {https://web.archive.org/web/20231130165646/https://hub.darcs.net/dolio/universes/},
  urldate = {2023-11-30}
}

@article{hofmann1997syntax,
  title={Syntax and semantics of dependent types},
  author={Hofmann, Martin and Hofmann, Martin},
  journal={Extensional Constructs in Intensional Type Theory},
  pages={13--54},
  year={1997},
  publisher={Springer}
}

@article{hofmann1998groupoid,
  title={The groupoid interpretation of type theory},
  author={Hofmann, Martin and Streicher, Thomas},
  journal={Twenty-five years of constructive type theory (Venice, 1995)},
  volume={36},
  pages={83--111},
  year={1998}
}

@article{hofmann1995extensional,
  title={Extensional concepts in intensional type theory},
  author={Hofmann, Martin},
  year={1995},
  publisher={University of Edinburgh. College of Science and Engineering. School of~…}
}

@book{whitehead1898treatise,
  title={A treatise on universal algebra: with applications},
  author={Whitehead, Alfred North},
  volume={1},
  year={1898},
  publisher={The University Press}
}

@article{forsberg2012finite,
  title={A finite axiomatisation of inductive-inductive definitions},
  author={Forsberg, Fredrik Nordvall and Setzer, Anton},
  journal={Logic, Construction, Computation},
  volume={3},
  pages={259--287},
  year={2012}
}

@inproceedings{pedrot2020russian,
  title={Russian constructivism in a prefascist theory},
  author={P{\'e}drot, Pierre-Marie},
  booktitle={Proceedings of the 35th Annual ACM/IEEE Symposium on Logic in Computer Science},
  pages={782--794},
  year={2020}
}

@article{loic2025strict,
    title={Type Theory in Type Teory Using a Strictified Syntax},
    author={Ambrus, Kaposi and Lo{\"i}c, Pujet},
    year={2025},
    note={Preprint at \url{https://web.archive.org/web/20250317004303/https://pujet.fr/pdf/strictification_preprint.pdf}},
  urldate={2025-03-17}
}

@book{artin1973theorie,
  title={Th{\'e}orie des topos et cohomologie etale des sch{\'e}mas: Tome 3},
  author={Artin, Michael and Grothendieck, Alexandre and Verdier, Jean Louis},
  year={1973},
  publisher={Springer-Verlag}
}
 
@article{tait1967intensional,
  title={Intensional interpretations of functionals of finite type I},
  author={Tait, William W},
  journal={The journal of symbolic logic},
  volume={32},
  number={2},
  pages={198--212},
  year={1967},
  publisher={Cambridge University Press}
}

@inproceedings{kaposi2019shallow,
  title={Shallow embedding of type theory is morally correct},
  author={Kaposi, Ambrus and Kov{\'a}cs, Andr{\'a}s and Kraus, Nicolai},
  booktitle={International Conference on Mathematics of Program Construction},
  pages={329--365},
  year={2019},
  organization={Springer}
}

@article{chapman2009type,
  title={Type theory should eat itself},
  author={Chapman, James},
  journal={Electronic notes in theoretical computer science},
  volume={228},
  pages={21--36},
  year={2009},
  publisher={Elsevier}
}

@inproceedings{adjedj2024martin,
  title={Martin-L{\"o}f {\`a} la Coq},
  author={Adjedj, Arthur and Lennon-Bertrand, Meven and Maillard, Kenji and P{\'e}drot, Pierre-Marie and Pujet, Lo{\"\i}c},
  booktitle={Proceedings of the 13th ACM SIGPLAN International Conference on Certified Programs and Proofs},
  pages={230--245},
  year={2024}
}

@article{carneiro2024lean4lean,
  title={Lean4Lean: Towards a Verified Typechecker for Lean, in Lean},
  author={Carneiro, Mario},
  journal={arXiv preprint arXiv:2403.14064},
  year={2024}
}

@inproceedings{danielsson2006formalisation,
  title={A formalisation of a dependently typed language as an inductive-recursive family},
  author={Danielsson, Nils Anders},
  booktitle={International Workshop on Types for Proofs and Programs},
  pages={93--109},
  year={2006},
  organization={Springer}
}

@article{martin2021intuitionistic,
  title={Intuitionistic Type Theory: Notes by Giovanni Sambin of a series of lectures given in Padova, June 1980},
  author={Martin-L{\"o}f, Per},
  year={2021},
  publisher={Digital Edition}
}

@inproceedings{altenkirch2018quotient,
  title={Quotient inductive-inductive types},
  author={Altenkirch, Thorsten and Capriotti, Paolo and Dijkstra, Gabe and Kraus, Nicolai and Nordvall Forsberg, Fredrik},
  booktitle={International Conference on Foundations of Software Science and Computation Structures},
  pages={293--310},
  year={2018},
  organization={Springer International Publishing Cham}
}

@article{schonfinkel1924bausteine,
  title={{\"U}ber die Bausteine der mathematischen Logik},
  author={Sch{\"o}nfinkel, Moses},
  journal={Mathematische annalen},
  volume={92},
  number={3},
  pages={305--316},
  year={1924},
  publisher={Springer}
}

@inproceedings{norell2009dependently,
  title={Dependently typed programming in Agda},
  author={Norell, Ulf},
  booktitle={Proceedings of the 4th international workshop on Types in language design and implementation},
  pages={1--2},
  year={2009}
}

@inproceedings{kaposi2019shallow,
  title={Shallow embedding of type theory is morally correct},
  author={Kaposi, Ambrus and Kov{\'a}cs, Andr{\'a}s and Kraus, Nicolai},
  booktitle={International Conference on Mathematics of Program Construction},
  pages={329--365},
  year={2019},
  organization={Springer}
}
